@article{boll1979suppression,
  title={Suppression of acoustic noise in speech using spectral subtraction},
  author={Boll, Steven},
  journal={Acoustics, Speech and Signal Processing, IEEE Transactions on},
  volume={27},
  number={2},
  pages={113--120},
  year={1979},
  publisher={IEEE}
}
@proceedings{horii2013musical,
  title={Musical tone reduction for sound-quality improvement by weighted iterative spectral subtraction in real noisy environments},
  author={Horii, Keisuke and Fukumori, Takahiro and Nakayama, Masato and Nishiura, Takanobu and Yamashita, Yoichi},
  year={2013},
  organization={NCSP}
}
@article{lu2008geometric,
  title={A geometric approach to spectral subtraction},
  author={Lu, Yang and Loizou, Philipos C},
  journal={Speech communication},
  volume={50},
  number={6},
  pages={453--466},
  year={2008},
  publisher={Elsevier}
}
@article{martin2001noise,
  title={Noise power spectral density estimation based on optimal smoothing and minimum statistics},
  author={Martin, Rainer},
  journal={Speech and Audio Processing, IEEE Transactions on},
  volume={9},
  number={5},
  pages={504--512},
  year={2001},
  publisher={IEEE}
}
